@article{chevallereau2005asymptotically,
  title={Asymptotically stable running for a five-link, four-actuator, planar bipedal robot},
  author={Chevallereau, Christine and Westervelt, ER and Grizzle, JW},
  journal={The International Journal of Robotics Research},
  volume={24},
  number={6},
  pages={431--464},
  year={2005},
  publisher={Sage Publications}
}


@inproceedings{hamed2014continuous,
  title={Continuous-time controllers for stabilizing periodic orbits of hybrid systems: Application to an underactuated 3D bipedal robot},
  author={Hamed, Kaveh Akbari and Buss, Brian G and Grizzle, Jessy W},
  booktitle={Decision and Control (CDC), 2014 IEEE 53rd Annual Conference on},
  pages={1507--1513},
  year={2014},
  organization={IEEE}
}


@article{plestan2003stable,
  title={Stable walking of a 7-DOF biped robot},
  author={Plestan, Franck and Grizzle, Jessy W and Westervelt, Eric R and Abba, Gabriel},
  journal={IEEE Transactions on Robotics and Automation},
  volume={19},
  number={4},
  pages={653--668},
  year={2003},
  publisher={IEEE}
}

@article{westervelt2002zero,
  title={Zero dynamics of underactuated planar biped walkers},
  author={Westervelt, ER and Grizzle, JW and Koditschek, DE},
  journal={IFAC Proceedings Volumes},
  volume={35},
  number={1},
  pages={551--556},
  year={2002},
  publisher={Elsevier}
}

@book{westervelt2007feedback,
  title={Feedback control of dynamic bipedal robot locomotion},
  author={Westervelt, Eric R and Grizzle, Jessy W and Chevallereau, Christine and Choi, Jun Ho and Morris, Benjamin},
  volume={28},
  year={2007},
  publisher={CRC press}
}

